<?xml version="1.0" encoding="UTF-8"?>
<Document xmlns="urn:iso:std:iso:20022:tech:xsd:pain.001.001.03" xmlns:xsi="http://www.w3.org/2001/XMLSchema-instance" xsi:schemaLocation="urn:iso:std:iso:20022:tech:xsd:pain.001.001.03 pain.001.001.03.xsd">
  <CstmrCdtTrfInitn>
    <GrpHdr>
      <MsgId>SEPA File Identifier</MsgId>
      <CreDtTm>2021-07-26T14:34:54Z</CreDtTm>
      <NbOfTxs>1</NbOfTxs>
      <CtrlSum>0.02</CtrlSum>
      <InitgPty>
        <PstlAdr>
          <StrNm>street</StrNm>
          <PstCd>00000</PstCd>
          <TwnNm>town</TwnNm>
          <Ctry>CZ</Ctry>
        </PstlAdr>
        <Nm>Your Company Name</Nm>
      </InitgPty>
    </GrpHdr>
    <PmtInf>
      <PmtInfId>Payment Info ID</PmtInfId>
      <PmtMtd>TRF</PmtMtd>
      <NbOfTxs>1</NbOfTxs>
      <CtrlSum>0.02</CtrlSum>
      <PmtTpInf>
        <SvcLvl>
          <Cd>SEPA</Cd>
        </SvcLvl>
      </PmtTpInf>
      <ReqdExctnDt>2021-07-26</ReqdExctnDt>
      <Dbtr>
        <Nm>My Corp</Nm>
        <PstlAdr>
          <StrNm>street</StrNm>
          <PstCd>00000</PstCd>
          <TwnNm>town</TwnNm>
          <Ctry>CZ</Ctry>
        </PstlAdr>
      </Dbtr>
      <DbtrAcct>
        <Id>
          <IBAN>FR1420041010050500013M02606</IBAN>
        </Id>
        <Ccy>EUR</Ccy>
      </DbtrAcct>
      <DbtrAgt>
        <FinInstnId>
          <BIC>PSSTFRPPMON</BIC>
        </FinInstnId>
      </DbtrAgt>
      <ChrgBr>SLEV</ChrgBr>
      <CdtTrfTxInf>
        <PmtId>
          <InstrId>1</InstrId>
          <EndToEndId>Their Corp</EndToEndId>
        </PmtId>
        <Amt>
          <InstdAmt Ccy="EUR">0.02</InstdAmt>
        </Amt>
        <CdtrAgt>
          <FinInstnId>
            <BIC>OKOYFIHH</BIC>
          </FinInstnId>
        </CdtrAgt>
        <Cdtr>
          <Nm>Their Corp</Nm>
          <PstlAdr>
            <StrNm>street</StrNm>
            <PstCd>00000</PstCd>
            <TwnNm>town</TwnNm>
            <Ctry>CZ</Ctry>
          </PstlAdr>
          <PstlAdr>
            <Ctry>CZ</Ctry>
          </PstlAdr>
        </Cdtr>
        <CdtrAcct>
          <Id>
            <IBAN>FI1350001540000056</IBAN>
          </Id>
        </CdtrAcct>
        <RmtInf>
          <Ustrd>Transaction Description</Ustrd>
        </RmtInf>
      </CdtTrfTxInf>
    </PmtInf>
  </CstmrCdtTrfInitn>
</Document>
